@inproceedings{Ct2018TextWorldAL,
  title     = {TextWorld: A Learning Environment for Text-based Games},
  author    = {Marc-Alexandre C{\^o}t{\'e} and {\'A}kos K{\'a}d{\'a}r and Xingdi Yuan and Ben A. Kybartas and Tavian Barnes and Emery Fine and James Moore and Matthew J. Hausknecht and Layla El Asri and Mahmoud Adada and Wendy Tay and Adam Trischler},
  booktitle = {CGW@IJCAI},
  year      = {2018},
  url       = {https://api.semanticscholar.org/CorpusID:49552345}
}

@inproceedings{Hausknecht2019InteractiveFG,
  title     = {Interactive Fiction Games: A Colossal Adventure},
  author    = {Matthew J. Hausknecht and Prithviraj Ammanabrolu and Marc-Alexandre C{\^o}t{\'e} and Xingdi Yuan},
  booktitle = {AAAI Conference on Artificial Intelligence},
  year      = {2019},
  url       = {https://api.semanticscholar.org/CorpusID:202565447}
}

@inproceedings{Wang2022ScienceWorldIY,
  title     = {ScienceWorld: Is your Agent Smarter than a 5th Grader?},
  author    = {Ruoyao Wang and Peter Alexander Jansen and Marc-Alexandre C{\^o}t{\'e} and Prithviraj Ammanabrolu},
  booktitle = {Conference on Empirical Methods in Natural Language Processing},
  year      = {2022},
  url       = {https://api.semanticscholar.org/CorpusID:247451124}
}

@article{Wang2023ByteSized32AC,
  title   = {ByteSized32: A Corpus and Challenge Task for Generating Task-Specific World Models Expressed as Text Games},
  author  = {Ruoyao Wang and Graham Todd and Xingdi Yuan and Ziang Xiao and Marc-Alexandre C{\^o}t{\'e} and Peter Alexander Jansen},
  journal = {ArXiv},
  year    = {2023},
  volume  = {abs/2305.14879},
  url     = {https://api.semanticscholar.org/CorpusID:258865971}
}

@inproceedings{Wang2024CanLM,
  title     = {Can Language Models Serve as Text-Based World Simulators?},
  author    = {Ruoyao Wang and Graham Todd and Ziang Xiao and Xingdi Yuan and Marc-Alexandre Cot'e and Peter Clark and Peter Alexander Jansen},
  booktitle = {Annual Meeting of the Association for Computational Linguistics},
  year      = {2024},
  url       = {https://api.semanticscholar.org/CorpusID:270371867}
}

@article{Jansen2024DISCOVERYWORLDAV,
  title   = {DISCOVERYWORLD: A Virtual Environment for Developing and Evaluating Automated Scientific Discovery Agents},
  author  = {Peter Alexander Jansen and Marc-Alexandre Cot'e and Tushar Khot and Erin Bransom and Bhavana Dalvi and Bodhisattwa Prasad Majumder and Oyvind Tafjord and Peter Clark},
  journal = {ArXiv},
  year    = {2024},
  volume  = {abs/2406.06769},
  url     = {https://api.semanticscholar.org/CorpusID:270380311}
}

@inproceedings{Zhang2024PDDLEGOIP,
  title     = {PDDLEGO: Iterative Planning in Textual Environments},
  author    = {Li Zhang and Peter Alexander Jansen and Tianyi Zhang and Peter Clark and Chris Callison-Burch and Niket Tandon},
  booktitle = {STARSEM},
  year      = {2024},
  url       = {https://api.semanticscholar.org/CorpusID:270123041}
}

@article{Trischler2019FirstTW,
  title   = {First TextWorld Problems, the competition: Using text-based games to advance capabilities of AI agents},
  author  = {Adam Trischler and Marc-Alexandre C{\^o}t{\'e} and Pedro Lima},
  journal = {Microsoft Research Blog},
  year    = {2019},
  url     = {https://www.microsoft.com/en-us/research/blog/first-textworld-problems-the-competition-using-text-based-games-to-advance-capabilities-of-ai-agents/}
}

@inproceedings{Devlin2019Bert,
  title     = {Bert: Pre-training of deep bidirectional transformers for language understanding},
  author    = {Devlin, Jacob and Chang, Ming-Wei and Lee, Kenton and Toutanova, Kristina},
  booktitle = {Proceedings of the 2019 conference of the North American chapter of the association for computational linguistics: human language technologies, volume 1 (long and short papers)},
  pages     = {4171--4186},
  year      = {2019}
}

@article{Auer2002UCB1,
  title     = {Finite-time analysis of the multiarmed bandit problem},
  author    = {Auer, Peter and Cesa-Bianchi, Nicolo and Fischer, Paul},
  journal   = {Machine learning},
  volume    = {47},
  pages     = {235--256},
  year      = {2002},
  publisher = {Springer}
}

@misc{Yin2020LearnCookNewRecipe,
  title         = {Learn How to Cook a New Recipe in a New House: Using Map Familiarization, Curriculum Learning, and Bandit Feedback to Learn Families of Text-Based Adventure Games},
  author        = {Xusen Yin and Jonathan May},
  year          = {2020},
  eprint        = {1908.04777},
  archiveprefix = {arXiv},
  primaryclass  = {cs.CL},
  url           = {https://arxiv.org/abs/1908.04777}
}

@inproceedings{He2016Deep,
  title        = {Deep Reinforcement Learning with a Natural Language Action Space},
  author       = {He, Ji and Chen, Jianshu and He, Xiaodong and Gao, Jianfeng and Li, Lihong and Deng, Li and Ostendorf, Mari},
  booktitle    = {Proceedings of the 54th Annual Meeting of the Association for Computational Linguistics (Volume 1: Long Papers)},
  year         = {2016},
  organization = {Association for Computational Linguistics}
}

@inproceedings{Adolphs2020LeDeepChef,
  title     = {Ledeepchef deep reinforcement learning agent for families of text-based games},
  author    = {Adolphs, Leonard and Hofmann, Thomas},
  booktitle = {Proceedings of the AAAI Conference on Artificial Intelligence},
  volume    = {34},
  number    = {05},
  pages     = {7342--7349},
  year      = {2020}
}

@article{Yin2020Zero,
  title   = {Zero-shot learning of text adventure games with sentence-level semantics},
  author  = {Yin, Xusen and May, Jonathan},
  journal = {arXiv preprint arXiv:2004.02986},
  year    = {2020}
}

@inproceedings{Koch2015Siamese,
  title        = {Siamese neural networks for one-shot image recognition},
  author       = {Koch, Gregory and Zemel, Richard and Salakhutdinov, Ruslan and others},
  booktitle    = {ICML deep learning workshop},
  volume       = {2},
  number       = {1},
  pages        = {1--30},
  year         = {2015},
  organization = {Lille}
}

@inproceedings{Chaudhury2020Bootstrapped,
  title     = {Bootstrapped Q-learning with Context Relevant Observation Pruning to Generalize in Text-based Games},
  author    = {Chaudhury, Subhajit and Kimura, Daiki and Talamadupula, Kartik and Tatsubori, Michiaki and Munawar, Asim and Tachibana, Ryuki},
  booktitle = {Proceedings of the 2020 Conference on Empirical Methods in Natural Language Processing (EMNLP)},
  pages     = {3002--3008},
  year      = {2020}
}

@article{Radford2019Language,
  title   = {Language models are unsupervised multitask learners},
  author  = {Radford, Alec and Wu, Jeffrey and Child, Rewon and Luan, David and Amodei, Dario and Sutskever, Ilya and others},
  journal = {OpenAI Blog},
  year    = {2019},
  url     = {https://storage.prod.researchhub.com/uploads/papers/2020/06/01/language-models.pdf}
}

@article{Achiam2023Gpt,
  title   = {Gpt-4 technical report},
  author  = {Achiam, Josh and Adler, Steven and Agarwal, Sandhini and Ahmad, Lama and Akkaya, Ilge and Aleman, Florencia Leoni and Almeida, Diogo and Altenschmidt, Janko and Altman, Sam and Anadkat, Shyamal and others},
  journal = {arXiv preprint arXiv:2303.08774},
  year    = {2023}
}

@article{Zeff2024Mini,
  title = {OpenAI unveils GPT-4o mini, a smaller and cheaper AI model},
  author = {Zeff, Maxwell},
  journal = {TechCrunch},
  year = {2024},
  url = {https://techcrunch.com/2024/07/18/openai-unveils-gpt-4o-mini-a-small-ai-model-powering-chatgpt/}
}

@article{OpenAI2024Gpt4o,
  title = {Hello GPT-4o},
  author = {OpenAI},
  journal = {OpenAI Blog},
  year = {2024},
  url = {https://openai.com/index/hello-gpt-4o/}
}

@misc{Meta2024Llama,
  title = {Meta Llama 3.1},
  author = {{Meta AI}},
  year = {2024},
  url = {https://ai.meta.com/blog/meta-llama-3-1/}
}

@article{Jung2014Fisher,
  title = {Stratified Fisher's exact test and its sample size calculation},
  author = {Jung, Sin-Ho},
  year = {2014},
  url = {https://doi.org/10.1002/bimj.201300048}
}